<?xml version='1.0' encoding='utf-8'?>
<record xmlns="http://www.loc.gov/MARC21/slim" xmlns:xsi="http://www.w3.org/2001/XMLSchema-instance">
  <leader>00000cjm^a2200289^^^4500</leader>
  <controlfield tag="001">012577731</controlfield>
  <controlfield tag="005">20131224105243.0</controlfield>
  <controlfield tag="007">sd^bungnnmmneu</controlfield>
  <controlfield tag="008">741119s1972^^^^miuzznn^^^^^^^^^^^n^eng^c</controlfield>
  <datafield tag="035" ind1=" " ind2=" ">
    <subfield code="a">(OCoLC)869781456</subfield>
  </datafield>
  <datafield tag="040" ind1=" " ind2=" ">
    <subfield code="a">MiU-H</subfield>
    <subfield code="c">MiU-H</subfield>
  </datafield>
  <datafield tag="245" ind1="0" ind2="0">
    <subfield code="a">U of M presents ... :</subfield>
    <subfield code="b">the 5 greatest games in Wolverine football history.</subfield>
  </datafield>
  <datafield tag="246" ind1="3" ind2="0">
    <subfield code="a">Five greatest games in Wolverine football history</subfield>
  </datafield>
  <datafield tag="260" ind1=" " ind2=" ">
    <subfield code="a">Southfield, Mich. :</subfield>
    <subfield code="b">Sounds of Football,</subfield>
    <subfield code="c">1972.</subfield>
  </datafield>
  <datafield tag="300" ind1=" " ind2=" ">
    <subfield code="a">1 sound disc (ca. 45 min.) :</subfield>
    <subfield code="b">stereo, 33 ¹/₃ rpm.,</subfield>
    <subfield code="c">12 in.</subfield>
  </datafield>
  <datafield tag="500" ind1=" " ind2=" ">
    <subfield code="a">SF 29350</subfield>
  </datafield>
  <datafield tag="511" ind1="0" ind2=" ">
    <subfield code="a">Owen Franks, Executive Producer; Rube Weiss, Director; Bob Ufer, Voice.</subfield>
  </datafield>
  <datafield tag="500" ind1=" " ind2=" ">
    <subfield code="a">Title from container.</subfield>
  </datafield>
  <datafield tag="500" ind1=" " ind2=" ">
    <subfield code="a">"After careful consideration and long hours of mind-searching, Don Canham, Fritz Crisler, Benny Oosterbaan, Will Perry, Bo Schembechler, and long-time U of M football announcer, Bob Ufer, have selected the following five classic games as Michigan's greatest..."--container.</subfield>
  </datafield>
  <datafield tag="505" ind1="0" ind2=" ">
    <subfield code="a">1902 Michigan vs Stanford (Rose Bowl) -- 1942 Michigan vs Notre dame -- 1948 Michigan vs USC (Rose Bowl) -- 1950 Michigan vs Ohio State (Snow Bowl) -- 1969 Michigan vs Ohio State -- 1971 Michigan vs Ohio State (live excerpt) -- Legend of "The Victors."</subfield>
  </datafield>
  <datafield tag="590" ind1=" " ind2=" ">
    <subfield code="a">BHL copy: container signed to John Cook by Bob Ufer.</subfield>
  </datafield>
  <datafield tag="610" ind1="2" ind2="0">
    <subfield code="a">Michigan Wolverines (Football team)</subfield>
  </datafield>
  <datafield tag="610" ind1="2" ind2="0">
    <subfield code="a">University of Michigan</subfield>
    <subfield code="x">Football.</subfield>
  </datafield>
  <datafield tag="852" ind1="8" ind2=" ">
    <subfield code="a">MiU-H</subfield>
    <subfield code="b">BENT</subfield>
    <subfield code="h">2013173 Aa 2</subfield>
  </datafield>
  <datafield tag="997" ind1=" " ind2=" ">
    <subfield code="a">MARS</subfield>
  </datafield>
  <datafield tag="955" ind1=" " ind2=" ">
    <subfield code="b">BENT</subfield>
    <subfield code="p">B6247264</subfield>
  </datafield>
</record>
